<mx:record xmlns="http://www.w3.org/TR/xhtml1/strict" xmlns:mx="http://www.loc.gov/MARC21/slim" xmlns:xsi="http://www.w3.org/2001/XMLSchema-instance"><mx:leader>00000cz   2200000n  4500</mx:leader><mx:controlfield tag="001">oca00777772 </mx:controlfield><mx:controlfield tag="005">19990702163950.7</mx:controlfield><mx:controlfield tag="008">820722n| acannaab           |a aaa |||  </mx:controlfield><mx:datafield ind1=" " ind2=" " tag="010"><mx:subfield code="a">n  82081073 </mx:subfield></mx:datafield><mx:datafield ind1=" " ind2=" " tag="040"><mx:subfield code="a">DLC</mx:subfield><mx:subfield code="c">DLC</mx:subfield><mx:subfield code="d">DLC</mx:subfield></mx:datafield><mx:datafield ind1="0" ind2=" " tag="100"><mx:subfield code="a">Eratosthenes</mx:subfield></mx:datafield><mx:datafield ind1="0" ind2=" " tag="400"><mx:subfield code="a">Eratostene</mx:subfield></mx:datafield><mx:datafield ind1="0" ind2=" " tag="400"><mx:subfield code="a">Ėratosfen</mx:subfield></mx:datafield><mx:datafield ind1="0" ind2=" " tag="400"><mx:subfield code="a">Eratosthène</mx:subfield></mx:datafield><mx:datafield ind1=" " ind2=" " tag="670"><mx:subfield code="a">Dragoni, G. Eratostene e l'apogeo della scienza greca, c1979:</mx:subfield><mx:subfield code="b">t.p. (Eratostene)</mx:subfield></mx:datafield><mx:datafield ind1=" " ind2=" " tag="670"><mx:subfield code="a">Oxford classical dict., 1950:</mx:subfield><mx:subfield code="b">p. 336 (Eratosthenes of Cyrene; ca. 275-194 BC; head of Alexandrian Library; called himself Philologus)</mx:subfield></mx:datafield><mx:datafield ind1=" " ind2=" " tag="670"><mx:subfield code="a">Encyc. brit., 1972:</mx:subfield><mx:subfield code="b">v. 8, p. 670 (Eratosthenes; ca. 276-194 BC; writer on math, geography, astronomy)</mx:subfield></mx:datafield><mx:datafield ind1=" " ind2=" " tag="670"><mx:subfield code="a">Encyc. Amer., 1975:</mx:subfield><mx:subfield code="b">v. 10, p. 542 (Eratosthenes; ca. 276-195 BC)</mx:subfield></mx:datafield><mx:datafield ind1=" " ind2=" " tag="670"><mx:subfield code="a">Collier's encyc., 1973:</mx:subfield><mx:subfield code="b">v. 9, p. 288 (Eratosthenes; ca. 275-194 BC)</mx:subfield></mx:datafield><mx:datafield ind1=" " ind2=" " tag="670"><mx:subfield code="a">Le ciel, c1998:</mx:subfield><mx:subfield code="b">t.p. (Eratosthène)</mx:subfield></mx:datafield><mx:datafield ind1=" " ind2=" " tag="999"><mx:subfield code="a">10387.9436</mx:subfield></mx:datafield></mx:record>